@article{Linear_Dependence_BOCHER,
	author    = "Maxime Bocher",
    title     = "The Theory of Linear Dependence",
 	publisher = "Annals of Mathematics",
  	edition   = "Second Series",
	pages     = "81-96",
	volume    = "2",
	number	  = "1/4", 
  	year      = "1900-1901",
	url = "http://www.jstor.org/stable/pdf/2007186.pdf?acceptTC=true",
	note = "[Online; accessed 19-October-2015]",
}

@article{GQ_GOLUB,
	author    = "Gene H. Golub and John H. Welsch",
    title     = "Calculation of Gauss Quadrature Rules",
  	year      = "12-July-1968",
	pages 	  = "221-230",
	url = "http://web.stanford.edu/class/cme335/spr11/S0025-5718-69-99647-1.pdf",
	note = "[Online; accessed 01-November-2015]",
}

@book{Design_Patterns_GAMMA,
	author    = "Erich Gamma, Richard Helm, Ralph Johnson and John Vlissides",
    title     = "Design Patterns - Elements of reusable object-oriented software",
 	publisher = "",
  	edition   = "",
  	year      = "",
}

@book{N_Body_MEYER,
	author    = "Kenneth R. Meyer",
    title     = "Periodic Solutions to the N-Body Problem",
 	publisher = "Springer Berlin Heidelberg",
  	year      = "1999",
}

@book{QMM_TAKHTAJAN,
	author    = "Leon A. Takhtajan",
    title     = "Quantum Mechanics for Mathematicians",
 	publisher = "American Mathematical Society",
  	edition   = "",
	volume = "95",
  	year      = "2008",
}

@book{Theoretische_Physik_I_NOLTING,
	author    = "Wolfgang Nolting",
    title     = "Grundkurs Theoretische Physik 1",
 	publisher = "Springer Spektrum",
  	edition   = "10. Auflage",
  	year      = "2013",
}

@book{Numerical_Analysis_ISERLES,
	author    = "Arieh Iserles",
    title     = "A first course in the numerical analysis of differential equations",
 	publisher = "Cambridge texts in applied mathematics",
  	year      = "1996",
}

@book{ODE_I_HAIRER,
	author    = "E. Hairer, S.P. Norsett and G. Wanner",
    title     = "Solving Ordinary Differential Equations I - Nonstiff Problems",
	edition = "Second Revised Edition",
 	publisher = "Springer",
  	year      = "2000",
}

@book{ODE_II_HAIRER,
	author    = "E. Hairer and G. Wanner",
    title     = "Solving Ordinary Differential Equations II - Stiff and Differential-Algebraic Problems",
	edition = "Second Revised Edition",
 	publisher = "Springer",
  	year      = "2002",
}

@book{Matrix_Computations_GOLUB,
	author    = "Gene H. Golub and Charles F. van Loan",
    title     = "Matrix Computations",
 	publisher = "The Johns Hopkins University Press",
  	edition   = "Third edition",
  	year      = "1996",
}

@book{Numerische_Mathematik_1_HOPPE,
	author    = "Roland W. Freund and Ronald H.W. Hoppe",
    title     = "Stoer/Bulirsch: Numerische Mathematik 1",
 	publisher = "Springer",
  	edition   = "10. Edition",
  	year      = "2007",
}

@book{Numerische_Mathematik_SCHABACK,
	author    = "Robert Schaback and Holger Wendland",
    title     = "Numerische Mathematik",
 	publisher = "Springer",
  	edition   = "5. Auflage",
  	year      = "2005",
}

@book{Algebra_KARPFINGER,
	author    = "Christian Karpfinger and Kurt Meyberg",
    title     = "Algebra - {Gruppen, Ringe, Körper}",
 	publisher = "Springer Spektrum",
  	edition   = "3. Auflage",
  	year      = "2013",
}

@book{Encyclopedia_WEISSTEIN,
	author = "Eric W. Weisstein",
	title = "CRC Concise Encyclopedia of Mathematics",
	publisher = "Chapman {and Hall/CRC}",
	edition = "2nd Edition" ,
	year = "2003",
}

@book{Complex_Analysis_GAMELIN,
	author = "Theodore W. Gamelin",
	title = "Complex Analysis",
	publisher = "Springer",
	year = "2001",
}

@book{Logic_Proof_Sets_BITTINGER,
	author = "Marvin L. Bittinger",
	title = "Logic, Proof, and Sets",
	edition = "Second Edition",
	publisher = "Addison-Wesley Publishing Company",
	year = "1982",
}


@book{Notes_on_Set_Theory_MOSCHOVAKIS,
	author = "Yiannis Moschovakis",
	title = "Notes on Set Theory",
	edition = "Second Edition",
	publisher = "Springer",
	year = "2006",
}

@book{Abstract_Algebra_GRILLET,
	author = "Pierre Antoine Grillet",
	title = "Abstract Algebra",
	publisher = "Springer Media",
	edition = "Second Edition",
	year = "2007",
}

@book{Algebra_BOSCH,
	author = "Siegfried Bosch",
	title = "Algebra",
	publisher = "Springer Verlag",
	edition = "7. Auflage",
	year = "2009",
}

@book{Analysis_I_ZORICH,
	author = "Vladimir A. Zorich",
	title = "Analysis I",
	publisher = "Springer Verlag",
	year = "2006",
}

@book{GDG_ARNOLD,
	author = "Vladimir I. Arnold",
	title = "Gewöhnliche Differentialgleichungen",
	publisher = "Springer Verlag",
	edition = "2. Auflage",
	year = "2001",
}

@book{Analysis_II_ZORICH,
	author = "Vladimir A. Zorich",
	title = "Analysis II",
	publisher = "Springer Verlag",
	year = "2007",
}


@book{Janich_Lin,
	author		= "Klaus Jänich",
	title		= "Lineare Algebra",
	publisher	= "Springer Verlag",
	year    	= "2008",
 }



@book{Halmos_Lin,
    author		= "Paul R. Halmos",
    title		= "Finite Dimensional Vector Spaces",
    publisher	= "Princeton University Press",
    year    	= "1948",
 }
 
 @book{Halmos_Set,
    author		= "Paul R. Halmos",
    title		= "Naive Set Theory",
    publisher	= "D. Van Nostrand Company",
    year    	= "1960",
 }
 
 @book{Fischer_Lin,
    author		= "Gerd Fischer",
    title		= "Lineare Algebra",
    publisher	= "Springer Verlag",
    year    	= "2013",
 }
 
 @book{Zorich_2_An,
    author		= "Vladimir A. Zorich",
    title		= "Analysis II",
    publisher	= "Springer Verlag",
    year    	= "2007",
 }
 
@book{Zorich_1_An,
    author		= "Vladimir A. Zorich",
    title		= "Analysis I",
    publisher	= "Springer Verlag",
    year    	= "2004",
 }
 
 @book{Ahlfors_An,
    author		= "Lars Ahlfors",
    title		= "Complex Analysis",
    publisher	= "McGraw Hill Education",
    year    	= "1966",
 }
 
 @book{Rep_1_Lin,
 	author		= "Detlef Wille",
    title		= "Repetitorium der Lineare Algebra Teil 1",
    publisher	= "Binomi Verlag",
    year    	= "2006",
 }
 
 @book{Rep_2_Lin,
 	author		= "Wille {und} Holz",
    title		= "Repetitorium der Lineare Algebra Teil 2",
    publisher	= "Binomi Verlag",
    year    	= "2006",
 }
 
  
 @unpublished{Struwe_Analysis,
 	author		= "Prof. Michael Struwe",
    	title		= "Analysis I/II",
	institution 	= "ETH Zürich",
   	year    	= "HS 2011/FS 2012",
	howpublished	= "\url{http://www.math.ethz.ch/~struwe/Skripten/Analysis-I-II-final-6-9-2012.pdf}",
	note 		= "[Online; letzter Zugriff 26-02-2015]",
 }

 @unpublished{EINSIEDLER_LinAlg_II_6,
 	author		= "Prof. Dr. Manfred Einsiedler",
    	title		= "Serie 6",
	institution 	= "ETH Zürich",
   	year    	= "FS 2014",
	howpublished	= "\url{http://www2.math.ethz.ch/education/bachelor/lectures/fs2014/math/linalg2/Serie6}",
	note 		= "[Online; letzter Zugriff 06-06-2015]",
 }
